<record><leader>00000cas a22000007a 4500</leader><controlfield tag="001">13689310</controlfield><controlfield tag="008">860605d19uu19uumtuwr ne      0    0eng d</controlfield><datafield ind1=" " ind2=" " tag="010"><subfield code="a">sn 86075216 </subfield></datafield><datafield ind1=" " ind2=" " tag="040"><subfield code="a">MTL</subfield><subfield code="b">eng</subfield><subfield code="c">MTL</subfield><subfield code="d">OCLCQ</subfield></datafield><datafield ind1=" " ind2=" " tag="042"><subfield code="a">msc</subfield></datafield><datafield ind1="0" ind2="4" tag="245"><subfield code="a">The Weekly record-herald.</subfield></datafield><datafield ind1="1" ind2="7" tag="246"><subfield code="a">Montana weekly record-herald</subfield></datafield><datafield ind1=" " ind2=" " tag="260"><subfield code="a">Helena, Mont. :</subfield><subfield code="b">[Montana Record Pub. Co.]</subfield></datafield><datafield ind1=" " ind2=" " tag="300"><subfield code="a">v. ;</subfield><subfield code="c">55 cm.</subfield></datafield><datafield ind1=" " ind2=" " tag="310"><subfield code="a">Weekly</subfield></datafield><datafield ind1=" " ind2=" " tag="500"><subfield code="a">Contains section: Northwestern stockman and farmer, &lt;July 19-Dec. 27, 1923&gt;.</subfield></datafield><datafield ind1=" " ind2=" " tag="580"><subfield code="a">Other edition available: Montana record-herald.</subfield></datafield><datafield ind1=" " ind2=" " tag="588"><subfield code="a">Description based on: Vol. 102, no. 28 (July 19, 1923).</subfield></datafield><datafield ind1=" " ind2=" " tag="752"><subfield code="a">United States</subfield><subfield code="b">Montana</subfield><subfield code="c">Lewis and Clark</subfield><subfield code="d">Helena.</subfield></datafield><datafield ind1="1" ind2=" " tag="775"><subfield code="t">Montana record-herald</subfield><subfield code="w">(DLC)sn 85053101</subfield></datafield><datafield ind1="0" ind2="5" tag="780"><subfield code="t">Northwestern stockman and farmer</subfield><subfield code="w">(DLC)sn 86075212</subfield></datafield><datafield ind1="1" ind2=" " tag="029"><subfield code="a">AU@</subfield><subfield code="b">000025803274</subfield></datafield></record>